<record xmlns='http://www.loc.gov/MARC21/slim'><leader>01203cam a2200361 i 4500</leader><controlfield tag='001'>9056720</controlfield><controlfield tag='005'>20150526122920.0</controlfield><controlfield tag='008'>140815s2015    mnua     b    001 0 eng  </controlfield><datafield ind1=' ' ind2=' ' tag='010'><subfield code='a'>  2014025342</subfield></datafield><datafield ind1=' ' ind2=' ' tag='035'><subfield code='a'>(OCoLC)ocn887605369</subfield></datafield><datafield ind1=' ' ind2=' ' tag='040'><subfield code='a'>DLC</subfield><subfield code='e'>rda</subfield><subfield code='b'>eng</subfield><subfield code='c'>DLC</subfield><subfield code='d'>YDX</subfield><subfield code='d'>BDX</subfield><subfield code='d'>YDXCP</subfield><subfield code='d'>BTCTA</subfield><subfield code='d'>OCLCF</subfield><subfield code='d'>OCLCO</subfield><subfield code='d'>CDX</subfield></datafield><datafield ind1=' ' ind2=' ' tag='020'><subfield code='a'>9780816695706</subfield><subfield code='q'>hardcover</subfield><subfield code='q'>alkaline paper</subfield></datafield><datafield ind1=' ' ind2=' ' tag='020'><subfield code='a'>0816695709</subfield><subfield code='q'>hardcover</subfield><subfield code='q'>alkaline paper</subfield></datafield><datafield ind1=' ' ind2=' ' tag='020'><subfield code='a'>9780816695713</subfield><subfield code='q'>paperback</subfield><subfield code='q'>alkaline paper</subfield></datafield><datafield ind1=' ' ind2=' ' tag='020'><subfield code='a'>0816695717</subfield><subfield code='q'>paperback</subfield><subfield code='q'>alkaline paper</subfield></datafield><datafield ind1=' ' ind2=' ' tag='035'><subfield code='a'>(OCoLC)887605369</subfield></datafield><datafield ind1=' ' ind2=' ' tag='042'><subfield code='a'>pcc</subfield></datafield><datafield ind1='0' ind2='0' tag='050'><subfield code='a'>P90</subfield><subfield code='b'>.O425 2015</subfield></datafield><datafield ind1='0' ind2='0' tag='082'><subfield code='a'>302.23</subfield><subfield code='2'>23</subfield></datafield><datafield ind1=' ' ind2=' ' tag='049'><subfield code='a'>PULL</subfield></datafield><datafield ind1='1' ind2=' ' tag='100'><subfield code='a'>O&apos;Gorman, Marcel,</subfield><subfield code='e'>author.</subfield></datafield><datafield ind1='1' ind2='0' tag='245'><subfield code='a'>Necromedia /</subfield><subfield code='c'>Marcel O&apos;Gorman.</subfield></datafield><datafield ind1=' ' ind2='1' tag='264'><subfield code='a'>Minneapolis, MN :</subfield><subfield code='b'>University of Minnesota Press,</subfield><subfield code='c'>[2015]</subfield></datafield><datafield ind1=' ' ind2=' ' tag='300'><subfield code='a'>231 pages ;</subfield><subfield code='c'>22 cm.</subfield></datafield><datafield ind1=' ' ind2=' ' tag='336'><subfield code='a'>text</subfield><subfield code='b'>txt</subfield><subfield code='2'>rdacontent</subfield></datafield><datafield ind1=' ' ind2=' ' tag='337'><subfield code='a'>unmediated</subfield><subfield code='b'>n</subfield><subfield code='2'>rdamedia</subfield></datafield><datafield ind1=' ' ind2=' ' tag='338'><subfield code='a'>volume</subfield><subfield code='b'>nc</subfield><subfield code='2'>rdacarrier</subfield></datafield><datafield ind1='1' ind2=' ' tag='490'><subfield code='a'>Posthumanities ;</subfield><subfield code='v'>33</subfield></datafield><datafield ind1=' ' ind2=' ' tag='504'><subfield code='a'>Includes bibliographical references and index.</subfield></datafield><datafield ind1=' ' ind2='0' tag='650'><subfield code='a'>Mass media</subfield><subfield code='x'>Philosophy.</subfield></datafield><datafield ind1=' ' ind2='0' tag='830'><subfield code='a'>Posthumanities ;</subfield><subfield code='v'>33.</subfield></datafield><datafield ind1=' ' ind2=' ' tag='902'><subfield code='a'>kl</subfield><subfield code='b'>s</subfield><subfield code='6'>a</subfield><subfield code='7'>m</subfield><subfield code='d'>v</subfield><subfield code='f'>1</subfield><subfield code='e'>20150526</subfield></datafield><datafield ind1=' ' ind2=' ' tag='904'><subfield code='a'>kl</subfield><subfield code='b'>a</subfield><subfield code='h'>m</subfield><subfield code='c'>b</subfield><subfield code='e'>20150526</subfield></datafield><datafield ind1='0' ind2=' ' tag='852'><subfield code='0'>8963195</subfield><subfield code='b'>f</subfield><subfield code='h'>P90</subfield><subfield code='i'>.O425 2015</subfield></datafield><datafield ind1=' ' ind2=' ' tag='959'><subfield code='a'>2015-05-26 12:29:57 -0400</subfield></datafield></record>